@misc{mnih2013playing,
    title={Playing Atari with Deep Reinforcement Learning},
    author={Volodymyr Mnih and Koray Kavukcuoglu and David Silver and Alex Graves and Ioannis Antonoglou and Daan Wierstra and Martin Riedmiller},
    year={2013},
    eprint={1312.5602},
    archivePrefix={arXiv},
    primaryClass={cs.LG}
}

@misc{brockman2016openai,
    title={OpenAI Gym},
    author={Greg Brockman and Vicki Cheung and Ludwig Pettersson and Jonas Schneider and John Schulman and Jie Tang and Wojciech Zaremba},
    year={2016},
    eprint={1606.01540},
    archivePrefix={arXiv},
    primaryClass={cs.LG}
}

@techreport{lin1993reinforcement,
  title={Reinforcement learning for robots using neural networks},
  author={Lin, Long-Ji},
  year={1993},
  institution={Carnegie-Mellon Univ Pittsburgh PA School of Computer Science}
}

@article{mnih2015human,
  title={Human-level control through deep reinforcement learning},
  author={Mnih, Volodymyr and Kavukcuoglu, Koray and Silver, David and Rusu, Andrei A and Veness, Joel and Bellemare, Marc G and Graves, Alex and Riedmiller, Martin and Fidjeland, Andreas K and Ostrovski, Georg and others},
  journal={Nature},
  volume={518},
  number={7540},
  pages={529},
  year={2015},
  publisher={Nature Publishing Group}
}

@INPROCEEDINGS{8882916,
author={A. {Banerjee} and D. {Ghosh} and S. {Das}},
booktitle={2019 Second International Conference on Advanced Computational and Communication Paradigms (ICACCP)},
title={Evolving Network Topology in Policy Gradient Reinforcement Learning Algorithms},
year={2019},
volume={},
number={},
pages={1-5},
keywords={evolutionary computation;gradient methods;learning (artificial intelligence);neural nets;particle swarm optimisation;evolutionary algorithms;JADE;metaheuristic algorithms;neural network topologies;simple policy gradient;DDPG;A2C;discrete action space model free environment;continious action model free environment;hyperparameter;differential evolution;learned weights;evolving network topology;policy gradient reinforcement learning algorithms;Topology;Network topology;Reinforcement learning;Evolutionary computation;Neural networks;Tuning;Optimization;Deep Deterministic Policy Gradient (DDPG);Differential Evololution;Neuro-Evolution;OpenAI gym;Lunar Lander;JADE;PSO},
doi={10.1109/ICACCP.2019.8882916},
ISSN={null},
month={Feb},}

@misc{lu2019controlmodelbased,
    title={A Control-Model-Based Approach for Reinforcement Learning},
    author={Yingdong Lu and Mark S. Squillante and Chai Wah Wu},
    year={2019},
    eprint={1905.12009},
    archivePrefix={arXiv},
    primaryClass={cs.LG}
}

@misc{FLAIRS1918312,
	author = {Chad Peters and Terrence Stewart and Robert West and Babak Esfandiari},
	title = {Dynamic Action Selection in OpenAI Using Spiking Neural Networks},
	conference = {Florida Artificial Intelligence Research Society Conference},
	year = {2019},
	keywords = {},
	abstract = {Modelling biologically-plausible neural structures for intelligent agents presents a unique challenge when operating in real-time domains. Neurons in our brains have different response properties, firing rates, and propagation lengths, creating noise that cannot be reliably decoded. This research explores the strengths and limitations of LIF spiking neuron ensembles for application in OpenAI virtual environments. Topics discussed include how we represent arbitrary environmental signals from multiple senses, choosing between equally viable actions in a given scenario, and how one can create a generic model that can learn and operate in a verity of situations.},
	url = {https://www.aaai.org/ocs/index.php/FLAIRS/FLAIRS19/paper/view/18312/17429}
}

@misc{kaelbling1996reinforcement,
    title={Reinforcement Learning: A Survey},
    author={L. P. Kaelbling and M. L. Littman and A. W. Moore},
    year={1996},
    eprint={cs/9605103},
    archivePrefix={arXiv},
    primaryClass={cs.AI}
}

@inproceedings{RodriguesGomes:2009:DAM:1553374.1553422,
 author = {Rodrigues Gomes, Eduardo and Kowalczyk, Ryszard},
 title = {Dynamic Analysis of Multiagent Q-learning with $\epsilon$-greedy Exploration},
 booktitle = {Proceedings of the 26th Annual International Conference on Machine Learning},
 series = {ICML '09},
 year = {2009},
 isbn = {978-1-60558-516-1},
 location = {Montreal, Quebec, Canada},
 pages = {369--376},
 numpages = {8},
 url = {http://doi.acm.org/10.1145/1553374.1553422},
 doi = {10.1145/1553374.1553422},
 acmid = {1553422},
 publisher = {ACM},
 address = {New York, NY, USA},
} 

@article{kober2013reinforcement,
  title={Reinforcement learning in robotics: A survey},
  author={Kober, Jens and Bagnell, J Andrew and Peters, Jan},
  journal={The International Journal of Robotics Research},
  volume={32},
  number={11},
  pages={1238--1274},
  year={2013},
  publisher={SAGE Publications Sage UK: London, England}
}

@article{riedmiller2009reinforcement,
  title={Reinforcement learning for robot soccer},
  author={Riedmiller, Martin and Gabel, Thomas and Hafner, Roland and Lange, Sascha},
  journal={Autonomous Robots},
  volume={27},
  number={1},
  pages={55--73},
  year={2009},
  publisher={Springer}
}

@book{sutton2018reinforcement,
  title={Reinforcement learning: An introduction},
  author={Sutton, Richard S and Barto, Andrew G},
  year={2018},
  publisher={MIT press}
}

@article{szepesvari2010algorithms,
  title={Algorithms for reinforcement learning},
  author={Szepesv{\'a}ri, Csaba},
  journal={Synthesis lectures on artificial intelligence and machine learning},
  volume={4},
  number={1},
  pages={1--103},
  year={2010},
  publisher={Morgan \& Claypool Publishers}
}

@book{kochenderfer2015decision,
  title={Decision making under uncertainty: theory and application},
  author={Kochenderfer, Mykel J},
  year={2015},
  publisher={MIT press}
}

@inproceedings{brady2010challenge,
  title={The challenge of safe lunar landing},
  author={Brady, Tye and Paschall, Stephen},
  booktitle={2010 IEEE Aerospace Conference},
  pages={1--14},
  year={2010},
  organization={IEEE}
}

@article{cho2009optimal,
  title={Optimal perilune altitude of lunar landing trajectory},
  author={Cho, Dong-Hyun and Jeong, Bo-Young and Lee, Dong-Hun and Bang, Hyo-Choong},
  journal={International Journal of Aeronautical and Space Sciences},
  volume={10},
  number={1},
  pages={67--74},
  year={2009},
  publisher={The Korean Society for Aeronautical \& Space Sciences}
}

@article{liu2008optimal,
  title={Optimal soft landing control for moon lander},
  author={Liu, Xing-Long and Duan, Guang-Ren and Teo, Kok-Lay},
  journal={Automatica},
  volume={44},
  number={4},
  pages={1097--1103},
  year={2008},
  publisher={Elsevier}
}

@article{watkins1992q,
  title={Q-learning},
  author={Watkins, Christopher JCH and Dayan, Peter},
  journal={Machine learning},
  volume={8},
  number={3-4},
  pages={279--292},
  year={1992},
  publisher={Springer}
}